<?xml version="1.0" encoding="UTF-8"?><record xmlns="http://www.loc.gov/MARC21/slim" xmlns:cinclude="http://apache.org/cocoon/include/1.0" xmlns:zs="http://www.loc.gov/zing/srw/">
  <leader>00505nz  a2200133n  4500</leader>
  <controlfield tag="001">n 2015006566</controlfield>
  <controlfield tag="003">DLC</controlfield>
  <controlfield tag="005">20150130084039.0</controlfield>
  <controlfield tag="008">150130n| azannaabn          |n aaa      </controlfield>
  <datafield tag="010" ind1=" " ind2=" ">
    <subfield code="a">n 2015006566</subfield>
  </datafield>
  <datafield tag="040" ind1=" " ind2=" ">
    <subfield code="a">DLC</subfield>
    <subfield code="b">eng</subfield>
    <subfield code="e">rda</subfield>
    <subfield code="c">DLC</subfield>
  </datafield>
  <datafield tag="100" ind1="1" ind2=" ">
    <subfield code="a">Milhaud, Darius,</subfield>
    <subfield code="d">1892-1974.</subfield>
    <subfield code="t">Concertos,</subfield>
    <subfield code="m">viola, orchestra,</subfield>
    <subfield code="n">no. 1, op. 108;</subfield>
    <subfield code="o">arranged</subfield>
  </datafield>
  <datafield tag="381" ind1=" " ind2=" ">
    <subfield code="a">arranged</subfield>
  </datafield>
  <datafield tag="670" ind1=" " ind2=" ">
    <subfield code="a">Milhaud, D. Viola concerto no. 1 [SR] ℗2009 (Viola concerto no. 1, op. 108 (performed in the composer's arr. for viola and instrumental ensemble)</subfield>
  </datafield>
</record>